@article{star,
title = {STAR: ultrafast universal RNA-seq aligner},
author = {Dobin A. et al.},
year = {2013},
journal = {Bioinformatics}, 
volume = {29},
pages={15-21}
}

@article{featureCounts, 
author = {Liao Y. and  Smyth G.K. and Shi W.}, 
year = {2014},
title = {featureCounts: an efficient general purpose program for assigning sequence reads to genomic features}, journal={Bioinformatics}, 
volume = {30},
number = {7},
pages = {923-930}
}

@article{deseq,
author = {Anders S. and Huber W.},
year = {2010},
title = {Differential expression analysis for sequence count data},
journal = {Genome Biology}, 
volume = {11}, 
pages = {R106}
}